%YAML 1.1
%TAG !u! tag:unity3d.com,2011:
--- !u!1 &7568097939258710493
GameObject:
  m_ObjectHideFlags: 0
  m_CorrespondingSourceObject: {fileID: 0}
  m_PrefabInstance: {fileID: 0}
  m_PrefabAsset: {fileID: 0}
  serializedVersion: 6
  m_Component:
  - component: {fileID: 7568097939258710492}
  - component: {fileID: 3173565429113308226}
  - component: {fileID: 8896504172394233004}
  - component: {fileID: 6803360224987264600}
  m_Layer: 8
  m_Name: BigPlasticBottle1Pickup
  m_TagString: Untagged
  m_Icon: {fileID: 0}
  m_NavMeshLayer: 0
  m_StaticEditorFlags: 0
  m_IsActive: 1
--- !u!4 &7568097939258710492
Transform:
  m_ObjectHideFlags: 0
  m_CorrespondingSourceObject: {fileID: 0}
  m_PrefabInstance: {fileID: 0}
  m_PrefabAsset: {fileID: 0}
  m_GameObject: {fileID: 7568097939258710493}
  m_LocalRotation: {x: 0, y: 0, z: 0, w: 1}
  m_LocalPosition: {x: 4.9, y: 1.97, z: 0}
  m_LocalScale: {x: 1.3, y: 1.3, z: 1.3}
  m_Children:
  - {fileID: 5898324683319809536}
  m_Father: {fileID: 0}
  m_RootOrder: 0
  m_LocalEulerAnglesHint: {x: 0, y: 0, z: 0}
--- !u!114 &3173565429113308226
MonoBehaviour:
  m_ObjectHideFlags: 0
  m_CorrespondingSourceObject: {fileID: 0}
  m_PrefabInstance: {fileID: 0}
  m_PrefabAsset: {fileID: 0}
  m_GameObject: {fileID: 7568097939258710493}
  m_Enabled: 1
  m_EditorHideFlags: 0
  m_Script: {fileID: 11500000, guid: 189ebbbdb48fe4fe99bd388dfab602e5, type: 3}
  m_Name: 
  m_EditorClassIdentifier: 
  isHided: 0
  isPickuped: 0
  trashItems: 1
--- !u!114 &8896504172394233004
MonoBehaviour:
  m_ObjectHideFlags: 0
  m_CorrespondingSourceObject: {fileID: 0}
  m_PrefabInstance: {fileID: 0}
  m_PrefabAsset: {fileID: 0}
  m_GameObject: {fileID: 7568097939258710493}
  m_Enabled: 1
  m_EditorHideFlags: 0
  m_Script: {fileID: 11500000, guid: 508a7665866624ffc8761c3a1ffc2f14, type: 3}
  m_Name: 
  m_EditorClassIdentifier: 
--- !u!58 &6803360224987264600
CircleCollider2D:
  m_ObjectHideFlags: 0
  m_CorrespondingSourceObject: {fileID: 0}
  m_PrefabInstance: {fileID: 0}
  m_PrefabAsset: {fileID: 0}
  m_GameObject: {fileID: 7568097939258710493}
  m_Enabled: 1
  m_Density: 1
  m_Material: {fileID: 0}
  m_IsTrigger: 1
  m_UsedByEffector: 0
  m_UsedByComposite: 0
  m_Offset: {x: -0.08, y: 0}
  serializedVersion: 2
  m_Radius: 0.45
--- !u!1001 &1486675798179691802
PrefabInstance:
  m_ObjectHideFlags: 0
  serializedVersion: 2
  m_Modification:
    m_TransformParent: {fileID: 7568097939258710492}
    m_Modifications:
    - target: {fileID: -927199367670048503, guid: d589512dfe2644099867c7eced58b854,
        type: 3}
      propertyPath: m_Name
      value: Plastik_2
      objectReference: {fileID: 0}
    - target: {fileID: -4216859302048453862, guid: d589512dfe2644099867c7eced58b854,
        type: 3}
      propertyPath: m_LocalPosition.x
      value: -0.04
      objectReference: {fileID: 0}
    - target: {fileID: -4216859302048453862, guid: d589512dfe2644099867c7eced58b854,
        type: 3}
      propertyPath: m_LocalPosition.y
      value: 0.07
      objectReference: {fileID: 0}
    - target: {fileID: -4216859302048453862, guid: d589512dfe2644099867c7eced58b854,
        type: 3}
      propertyPath: m_LocalPosition.z
      value: 0.090841234
      objectReference: {fileID: 0}
    - target: {fileID: -4216859302048453862, guid: d589512dfe2644099867c7eced58b854,
        type: 3}
      propertyPath: m_LocalRotation.x
      value: 0.70299786
      objectReference: {fileID: 0}
    - target: {fileID: -4216859302048453862, guid: d589512dfe2644099867c7eced58b854,
        type: 3}
      propertyPath: m_LocalRotation.y
      value: -0.23288618
      objectReference: {fileID: 0}
    - target: {fileID: -4216859302048453862, guid: d589512dfe2644099867c7eced58b854,
        type: 3}
      propertyPath: m_LocalRotation.z
      value: -0.21131735
      objectReference: {fileID: 0}
    - target: {fileID: -4216859302048453862, guid: d589512dfe2644099867c7eced58b854,
        type: 3}
      propertyPath: m_LocalRotation.w
      value: 0.63788956
      objectReference: {fileID: 0}
    - target: {fileID: -4216859302048453862, guid: d589512dfe2644099867c7eced58b854,
        type: 3}
      propertyPath: m_RootOrder
      value: 0
      objectReference: {fileID: 0}
    - target: {fileID: -4216859302048453862, guid: d589512dfe2644099867c7eced58b854,
        type: 3}
      propertyPath: m_LocalEulerAnglesHint.x
      value: 127.018005
      objectReference: {fileID: 0}
    - target: {fileID: -4216859302048453862, guid: d589512dfe2644099867c7eced58b854,
        type: 3}
      propertyPath: m_LocalEulerAnglesHint.y
      value: 80.74
      objectReference: {fileID: 0}
    - target: {fileID: -4216859302048453862, guid: d589512dfe2644099867c7eced58b854,
        type: 3}
      propertyPath: m_LocalEulerAnglesHint.z
      value: 82.58299
      objectReference: {fileID: 0}
    m_RemovedComponents: []
  m_SourcePrefab: {fileID: 100100000, guid: d589512dfe2644099867c7eced58b854, type: 3}
--- !u!4 &5898324683319809536 stripped
Transform:
  m_CorrespondingSourceObject: {fileID: -4216859302048453862, guid: d589512dfe2644099867c7eced58b854,
    type: 3}
  m_PrefabInstance: {fileID: 1486675798179691802}
  m_PrefabAsset: {fileID: 0}
