%YAML 1.1
%TAG !u! tag:unity3d.com,2011:
--- !u!1 &2976420590940677778
GameObject:
  m_ObjectHideFlags: 0
  m_CorrespondingSourceObject: {fileID: 0}
  m_PrefabInstance: {fileID: 0}
  m_PrefabAsset: {fileID: 0}
  serializedVersion: 6
  m_Component:
  - component: {fileID: 7353094827487647783}
  - component: {fileID: 6001653115017872056}
  - component: {fileID: 8967070865172691000}
  - component: {fileID: 4047195966895380214}
  m_Layer: 8
  m_Name: Food2Pickup
  m_TagString: Untagged
  m_Icon: {fileID: 0}
  m_NavMeshLayer: 0
  m_StaticEditorFlags: 0
  m_IsActive: 1
--- !u!4 &7353094827487647783
Transform:
  m_ObjectHideFlags: 0
  m_CorrespondingSourceObject: {fileID: 0}
  m_PrefabInstance: {fileID: 0}
  m_PrefabAsset: {fileID: 0}
  m_GameObject: {fileID: 2976420590940677778}
  m_LocalRotation: {x: -0, y: -0, z: -0, w: 1}
  m_LocalPosition: {x: 3.95, y: -0.74, z: -1.27}
  m_LocalScale: {x: 1, y: 1, z: 1}
  m_Children:
  - {fileID: 2649651499626920797}
  m_Father: {fileID: 0}
  m_RootOrder: 0
  m_LocalEulerAnglesHint: {x: 0, y: 0, z: 0}
--- !u!61 &6001653115017872056
BoxCollider2D:
  m_ObjectHideFlags: 0
  m_CorrespondingSourceObject: {fileID: 0}
  m_PrefabInstance: {fileID: 0}
  m_PrefabAsset: {fileID: 0}
  m_GameObject: {fileID: 2976420590940677778}
  m_Enabled: 1
  m_Density: 1
  m_Material: {fileID: 0}
  m_IsTrigger: 1
  m_UsedByEffector: 0
  m_UsedByComposite: 0
  m_Offset: {x: 0.03870225, y: 0.15529156}
  m_SpriteTilingProperty:
    border: {x: 0, y: 0, z: 0, w: 0}
    pivot: {x: 0.5, y: 0.5}
    oldSize: {x: 1.4, y: 1.82}
    newSize: {x: 1.4, y: 1.82}
    adaptiveTilingThreshold: 0.5
    drawMode: 0
    adaptiveTiling: 0
  m_AutoTiling: 0
  serializedVersion: 2
  m_Size: {x: 0.9800372, y: 0.89019394}
  m_EdgeRadius: 0
--- !u!114 &8967070865172691000
MonoBehaviour:
  m_ObjectHideFlags: 0
  m_CorrespondingSourceObject: {fileID: 0}
  m_PrefabInstance: {fileID: 0}
  m_PrefabAsset: {fileID: 0}
  m_GameObject: {fileID: 2976420590940677778}
  m_Enabled: 1
  m_EditorHideFlags: 0
  m_Script: {fileID: 11500000, guid: 189ebbbdb48fe4fe99bd388dfab602e5, type: 3}
  m_Name: 
  m_EditorClassIdentifier: 
  isHided: 0
  isPickuped: 0
  trashItems: 10
--- !u!114 &4047195966895380214
MonoBehaviour:
  m_ObjectHideFlags: 0
  m_CorrespondingSourceObject: {fileID: 0}
  m_PrefabInstance: {fileID: 0}
  m_PrefabAsset: {fileID: 0}
  m_GameObject: {fileID: 2976420590940677778}
  m_Enabled: 1
  m_EditorHideFlags: 0
  m_Script: {fileID: 11500000, guid: 508a7665866624ffc8761c3a1ffc2f14, type: 3}
  m_Name: 
  m_EditorClassIdentifier: 
--- !u!1001 &7043560335848919111
PrefabInstance:
  m_ObjectHideFlags: 0
  serializedVersion: 2
  m_Modification:
    m_TransformParent: {fileID: 7353094827487647783}
    m_Modifications:
    - target: {fileID: -927199367670048503, guid: 45da93bb3dbdb445a8fb94dc5d335a35,
        type: 3}
      propertyPath: m_Name
      value: musor_EDA_2
      objectReference: {fileID: 0}
    - target: {fileID: -4216859302048453862, guid: 45da93bb3dbdb445a8fb94dc5d335a35,
        type: 3}
      propertyPath: m_LocalPosition.x
      value: 0
      objectReference: {fileID: 0}
    - target: {fileID: -4216859302048453862, guid: 45da93bb3dbdb445a8fb94dc5d335a35,
        type: 3}
      propertyPath: m_LocalPosition.y
      value: 0
      objectReference: {fileID: 0}
    - target: {fileID: -4216859302048453862, guid: 45da93bb3dbdb445a8fb94dc5d335a35,
        type: 3}
      propertyPath: m_LocalPosition.z
      value: 0
      objectReference: {fileID: 0}
    - target: {fileID: -4216859302048453862, guid: 45da93bb3dbdb445a8fb94dc5d335a35,
        type: 3}
      propertyPath: m_LocalRotation.x
      value: 0
      objectReference: {fileID: 0}
    - target: {fileID: -4216859302048453862, guid: 45da93bb3dbdb445a8fb94dc5d335a35,
        type: 3}
      propertyPath: m_LocalRotation.y
      value: 0
      objectReference: {fileID: 0}
    - target: {fileID: -4216859302048453862, guid: 45da93bb3dbdb445a8fb94dc5d335a35,
        type: 3}
      propertyPath: m_LocalRotation.z
      value: 0
      objectReference: {fileID: 0}
    - target: {fileID: -4216859302048453862, guid: 45da93bb3dbdb445a8fb94dc5d335a35,
        type: 3}
      propertyPath: m_LocalRotation.w
      value: 1
      objectReference: {fileID: 0}
    - target: {fileID: -4216859302048453862, guid: 45da93bb3dbdb445a8fb94dc5d335a35,
        type: 3}
      propertyPath: m_RootOrder
      value: 0
      objectReference: {fileID: 0}
    - target: {fileID: -4216859302048453862, guid: 45da93bb3dbdb445a8fb94dc5d335a35,
        type: 3}
      propertyPath: m_LocalEulerAnglesHint.x
      value: 0
      objectReference: {fileID: 0}
    - target: {fileID: -4216859302048453862, guid: 45da93bb3dbdb445a8fb94dc5d335a35,
        type: 3}
      propertyPath: m_LocalEulerAnglesHint.y
      value: 0
      objectReference: {fileID: 0}
    - target: {fileID: -4216859302048453862, guid: 45da93bb3dbdb445a8fb94dc5d335a35,
        type: 3}
      propertyPath: m_LocalEulerAnglesHint.z
      value: 0
      objectReference: {fileID: 0}
    m_RemovedComponents: []
  m_SourcePrefab: {fileID: 100100000, guid: 45da93bb3dbdb445a8fb94dc5d335a35, type: 3}
--- !u!4 &2649651499626920797 stripped
Transform:
  m_CorrespondingSourceObject: {fileID: -4216859302048453862, guid: 45da93bb3dbdb445a8fb94dc5d335a35,
    type: 3}
  m_PrefabInstance: {fileID: 7043560335848919111}
  m_PrefabAsset: {fileID: 0}
